<record><leader>00000cas a2200000I  4500</leader><controlfield tag="001">8353285</controlfield><controlfield tag="008">820420d19561956dcumr n       0   a0eng d</controlfield><datafield ind1=" " ind2=" " tag="010"><subfield code="a">sn 94060110 </subfield></datafield><datafield ind1=" " ind2=" " tag="040"><subfield code="a">VIC</subfield><subfield code="b">eng</subfield><subfield code="c">VIC</subfield><subfield code="d">NVK</subfield><subfield code="d">OCLCQ</subfield><subfield code="d">OCLCO</subfield></datafield><datafield ind1=" " ind2=" " tag="043"><subfield code="a">n-us-dc</subfield><subfield code="a">n-us-va</subfield></datafield><datafield ind1=" " ind2=" " tag="090"><subfield code="a">HQ1060</subfield><subfield code="b">.T5</subfield></datafield><datafield ind1="0" ind2="0" tag="245"><subfield code="a">This golden age;</subfield><subfield code="b">the newspaper for the retirement years.</subfield></datafield><datafield ind1=" " ind2=" " tag="260"><subfield code="a">Washington, D.C.,</subfield><subfield code="b">I.E. Byrd.</subfield></datafield><datafield ind1=" " ind2=" " tag="300"><subfield code="a">v.</subfield></datafield><datafield ind1=" " ind2=" " tag="310"><subfield code="a">Monthly</subfield></datafield><datafield ind1="0" ind2=" " tag="362"><subfield code="a">Vol. 1, no. 1 (Apr. 1956)-</subfield></datafield><datafield ind1="1" ind2=" " tag="362"><subfield code="a">Ceased in 1956.</subfield></datafield><datafield ind1=" " ind2=" " tag="500"><subfield code="a">Edited by Pat Patterson.</subfield></datafield><datafield ind1=" " ind2=" " tag="550"><subfield code="a">Official publication of the Independent Order of the North American Eagles.</subfield></datafield><datafield ind1=" " ind2="0" tag="650"><subfield code="a">Retirement</subfield><subfield code="v">Newspapers.</subfield></datafield><datafield ind1=" " ind2="0" tag="651"><subfield code="a">Washington (D.C.)</subfield><subfield code="v">Newspapers.</subfield></datafield><datafield ind1=" " ind2="0" tag="651"><subfield code="a">Blue Ridge Gardens (Trevilians, Va.)</subfield></datafield><datafield ind1="1" ind2=" " tag="700"><subfield code="a">Patterson, Dorothy W.</subfield></datafield><datafield ind1="2" ind2=" " tag="710"><subfield code="a">Independent Order of North American Eagles.</subfield></datafield><datafield ind1=" " ind2=" " tag="752"><subfield code="a">United States</subfield><subfield code="b">District of Columbia</subfield><subfield code="d">Washington.</subfield></datafield></record>